<?xml version="1.0" encoding="UTF-8"?><collection xmlns="http://www.loc.gov/MARC21/slim"><record><leader>00384nam--2200145-i-4500</leader><controlfield tag="001">000041888</controlfield><controlfield tag="002">20161230</controlfield><controlfield tag="005">20161230201043</controlfield><controlfield tag="008">060222s1000------------r-----000-0-eng-d</controlfield><datafield ind1=" " ind2=" " tag="080"><subfield code="a">514.11(076)</subfield></datafield><datafield ind1=" " ind2=" " tag="100"><subfield code="a">Smaranda,Dumitru Si Soare,Nicolae</subfield></datafield><datafield ind1=" " ind2=" " tag="245"><subfield code="a">Transformari geometrice</subfield></datafield><datafield ind1=" " ind2=" " tag="260"><subfield code="a">Bucuresti, Ed.Acad.Rsr.,1968. 255 P</subfield></datafield><datafield ind1=" " ind2=" " tag="852"><subfield code="a">74942</subfield><subfield code="c">513</subfield></datafield><datafield ind1=" " ind2=" " tag="CAT"><subfield code="a">Sys</subfield><subfield code="c">20080529</subfield><subfield code="h">113446</subfield></datafield></record></collection>